<?xml version="1.0" encoding="UTF-8"?><collection xmlns="http://www.loc.gov/MARC21/slim"><record><leader>00516nam--2200193-u-4500</leader><controlfield tag="001">000054636</controlfield><controlfield tag="002">20161230</controlfield><controlfield tag="005">20161230201051</controlfield><controlfield tag="008">120406s1000------------r-----000-0-rus-d</controlfield><datafield ind1=" " ind2=" " tag="040"><subfield code="a">IFIN-HH</subfield></datafield><datafield ind1=" " ind2=" " tag="041"><subfield code="a">rus</subfield></datafield><datafield ind1=" " ind2=" " tag="080"><subfield code="a">539.14</subfield></datafield><datafield ind1="1" ind2=" " tag="100"><subfield code="a">Migdal, A.B</subfield></datafield><datafield ind1="1" ind2="0" tag="245"><subfield code="a">Pionnie stepeni v iadernom vesestve</subfield><subfield code="c">A.b. migdal, d.n. voskresenskii, e.e. saperstein, m.a. troitkii</subfield></datafield><datafield ind1=" " ind2=" " tag="260"><subfield code="a">Moskva</subfield><subfield code="b">Nauka</subfield><subfield code="c">1991</subfield></datafield><datafield ind1=" " ind2=" " tag="300"><subfield code="a">336P</subfield></datafield><datafield ind1="1" ind2=" " tag="700"><subfield code="a">Troitkii, M.A</subfield></datafield><datafield ind1=" " ind2=" " tag="852"><subfield code="a">79944</subfield><subfield code="c">539.14</subfield></datafield><datafield ind1=" " ind2=" " tag="CAT"><subfield code="a">Sys</subfield><subfield code="c">20120406</subfield><subfield code="h">141547</subfield></datafield></record></collection>